@misc{ptbxl,
	doi = {10.13026/X4TD-X982},
	url = {},
	author = {Wagner,  Patrick and Strodthoff,  Nils and Bousseljot,  Ralf-Dieter and Samek,  Wojciech and Schaeffter,  Tobias},
	title = {PTB-XL,  a large publicly available electrocardiography dataset},
	publisher = {PhysioNet},
	year = {2020}
}
@misc{jacobgilpytorchcam,
	title={PyTorch library for CAM methods},
	author={Jacob Gildenblat and contributors},
	year={2021},
	publisher={GitHub},
	howpublished={\url{https://github.com/jacobgil/pytorch-grad-cam}},
}

@article{PerezAlday2021,
	doi = {10.1088/1361-6579/abc960},
	url = {https://doi.org/10.1088/1361-6579/abc960},
	year = {2021},
	month = jan,
	publisher = {{IOP} Publishing},
	volume = {41},
	number = {12},
	pages = {124003},
	author = {Erick A Perez Alday and Annie Gu and Amit J Shah and Chad Robichaux and An-Kwok Ian Wong and Chengyu Liu and Feifei Liu and Ali Bahrami Rad and Andoni Elola and Salman Seyedi and Qiao Li and Ashish Sharma and Gari D Clifford and Matthew A Reyna},
	title = {Classification of 12-lead {ECGs}: the {PhysioNet}/Computing in Cardiology Challenge 2020},
	journal = {Physiological Measurement}
}

@Online {HowtoVisuallyExplainanyCNNbasedModelsbyRenuKhandelwalTowardsDataScience-2022-01-18,
 title = {How to Visually Explain any CNN based Models | by Renu Khandelwal | Towards Data Science},
 date = {2022-01-18},
 author = {Renu Khandelwal},
 file = {:./references/how-to-visually-explain-any-cnn-based-models-80e0975ce57.html:html},
 url = {https://towardsdatascience.com/how-to-visually-explain-any-cnn-based-models-80e0975ce57},
 urldate = {2022-01-18}
}

@Online {SinusBradycardiaCedarsSinai-2021-09-07,
 title = {Sinus Bradycardia | Cedars-Sinai},
 date = {2021-09-07},
 file = {:./references/health-library-diseases-and-conditions-s-sinus-bradycardia.html.html:html},
 url = {https://www.cedars-sinai.org/health-library/diseases-and-conditions/s/sinus-bradycardia.html},
 urldate = {2021-09-07}
}

@Online {SinusTachycardiaCedarsSinai-2021-09-07,
 title = {Inappropriate Sinus Tachycardia | Cedars-Sinai},
 date = {2021-09-07},
 file = {:./references/health-library-diseases-and-conditions-i-inappropriate-sinus-tachycardia.html.html:html},
 url = {https://www.cedars-sinai.org/health-library/diseases-and-conditions/i/inappropriate-sinus-tachycardia.html},
 urldate = {2021-09-07}
}

@misc{mikolov2013efficient,
	title={Efficient Estimation of Word Representations in Vector Space}, 
	author={Tomas Mikolov and Kai Chen and Greg Corrado and Jeffrey Dean},
	year={2013},
	eprint={1301.3781},
	archivePrefix={arXiv},
	primaryClass={cs.CL}
}

@article{DBLP:journals/corr/SelvarajuDVCPB16,
	author    = {Ramprasaath R. Selvaraju and
	Abhishek Das and
	Ramakrishna Vedantam and
	Michael Cogswell and
	Devi Parikh and
	Dhruv Batra},
	title     = {Grad-CAM: Why did you say that? Visual Explanations from Deep Networks
	via Gradient-based Localization},
	journal   = {CoRR},
	volume    = {abs/1610.02391},
	year      = {2016},
	url       = {http://arxiv.org/abs/1610.02391},
	eprinttype = {arXiv},
	eprint    = {1610.02391},
	timestamp = {Mon, 13 Aug 2018 16:46:58 +0200},
	biburl    = {https://dblp.org/rec/journals/corr/SelvarajuDVCPB16.bib},
	bibsource = {dblp computer science bibliography, https://dblp.org}
}

@misc{oord2019representation,
	title={Representation Learning with Contrastive Predictive Coding}, 
	author={Aaron van den Oord and Yazhe Li and Oriol Vinyals},
	year={2019},
	eprint={1807.03748},
	archivePrefix={arXiv},
	primaryClass={cs.LG}
}

@article{JMLR:v9:vandermaaten08a,
	author  = {Laurens van der Maaten and Geoffrey Hinton},
	title   = {Visualizing Data using t-SNE},
	journal = {Journal of Machine Learning Research},
	year    = {2008},
	volume  = {9},
	number  = {86},
	pages   = {2579-2605},
	url     = {http://jmlr.org/papers/v9/vandermaaten08a.html}
}

@misc{noroozi2017unsupervised,
	title={Unsupervised Learning of Visual Representations by Solving Jigsaw Puzzles}, 
	author={Mehdi Noroozi and Paolo Favaro},
	year={2017},
	eprint={1603.09246},
	archivePrefix={arXiv},
	primaryClass={cs.CV}
}

@Online {YANNLECUNFacebookUnsupervised,
 title = {I now call it "self-supervised learning"},
 date = {2021-06-26},
 file = {:./references/722677142-posts-10155934004262143-.html:html},
 url = {https://www.facebook.com/722677142/posts/10155934004262143/},
 urldate = {2021-06-26}
}

@InProceedings{pmlr-v9-gutmann10a, title = {Noise-contrastive estimation: A new estimation principle for unnormalized statistical models}, author = {Gutmann, Michael and Hyv√§rinen, Aapo}, booktitle = {Proceedings of the Thirteenth International Conference on Artificial Intelligence and Statistics}, pages = {297--304}, year = {2010}, editor = {Teh, Yee Whye and Titterington, Mike}, volume = {9}, series = {Proceedings of Machine Learning Research}, address = {Chia Laguna Resort, Sardinia, Italy}, month = {13--15 May}, publisher = {PMLR}, pdf = {http://proceedings.mlr.press/v9/gutmann10a/gutmann10a.pdf}, url = { http://proceedings.mlr.press/v9/gutmann10a.html }}

@misc{doersch2016unsupervised,
	title={Unsupervised Visual Representation Learning by Context Prediction}, 
	author={Carl Doersch and Abhinav Gupta and Alexei A. Efros},
	year={2016},
	eprint={1505.05192},
	archivePrefix={arXiv},
	primaryClass={cs.CV}
}

@misc{chen2020simple,
	title={A Simple Framework for Contrastive Learning of Visual Representations}, 
	author={Ting Chen and Simon Kornblith and Mohammad Norouzi and Geoffrey Hinton},
	year={2020},
	eprint={2002.05709},
	archivePrefix={arXiv},
	primaryClass={cs.LG}
}

@misc{gidaris2018unsupervised,
	title={Unsupervised Representation Learning by Predicting Image Rotations}, 
	author={Spyros Gidaris and Praveer Singh and Nikos Komodakis},
	year={2018},
	eprint={1803.07728},
	archivePrefix={arXiv},
	primaryClass={cs.CV}
}

@article{lai2019contrastive,
	title={Contrastive Predictive Coding Based Feature for Automatic Speaker Verification},
	author={Lai, Cheng-I},
	journal={arXiv preprint arXiv:1904.01575},
	year={2019}
}

@Online {githubmultiscale,
 title = {geekfeiw/Multi-Scale-1D-ResNet: pytorch code of multi scale 1d resnet, we hope it will help your research},
 date = {2021-05-26},
 file = {:./references/geekfeiw-Multi-Scale-1D-ResNet.html:html},
 url = {https://github.com/geekfeiw/Multi-Scale-1D-ResNet},
 urldate = {2021-05-26}
}
@misc{he2015deep,
	title={Deep Residual Learning for Image Recognition}, 
	author={Kaiming He and Xiangyu Zhang and Shaoqing Ren and Jian Sun},
	year={2015},
	eprint={1512.03385},
	archivePrefix={arXiv},
	primaryClass={cs.CV}
}

@Online {BrierScoreDefinitionExamplesStatisticsHowTo-2022-02-09,
 title = {Brier Score: Definition, Examples - Statistics How To},
 date = {2022-02-09},
 file = {:./references/brier-score-.html:html},
 url = {https://www.statisticshowto.com/brier-score/},
 urldate = {2022-02-16}
}

@misc{bai2018empirical,
	title={An Empirical Evaluation of Generic Convolutional and Recurrent Networks for Sequence Modeling}, 
	author={Shaojie Bai and J. Zico Kolter and Vladlen Koltun},
	year={2018},
	eprint={1803.01271},
	archivePrefix={arXiv},
	primaryClass={cs.LG}
}

@article{beat_classification,
	title={ECG Heartbeat Classification: A Deep Transferable Representation},
	ISBN={9781538653777},
	url={http://dx.doi.org/10.1109/ICHI.2018.00092},
	DOI={10.1109/ichi.2018.00092},
	journal={2018 IEEE International Conference on Healthcare Informatics (ICHI)},
	publisher={IEEE},
	author={Kachuee, Mohammad and Fazeli, Shayan and Sarrafzadeh, Majid},
	year={2018},
	month={Jun}
}

@Online {12LeadECGPlacementGuidewithIllustrations-2021-09-28,
 title = {12-Lead ECG Placement Guide with Illustrations},
 date = {2021-09-28},
 author = {Cables and Sensors EU},
 file = {:./references/pages-12-lead-ecg-placement-guide-with-illustrations.html:html},
 url = {https://www.cablesandsensors.eu/pages/12-lead-ecg-placement-guide-with-illustrations},
 urldate = {2021-09-28}
}

@misc{strongbaseline,
	title={Time Series Classification from Scratch with Deep Neural Networks: A Strong Baseline}, 
	author={Zhiguang Wang and Weizhong Yan and Tim Oates},
	year={2016},
	eprint={1611.06455},
	archivePrefix={arXiv},
	primaryClass={cs.LG}
}

@misc{song2020multilabelcontrastive,
	title={Multi-label Contrastive Predictive Coding}, 
	author={Jiaming Song and Stefano Ermon},
	year={2020},
	eprint={2007.09852},
	archivePrefix={arXiv},
	primaryClass={cs.LG}
}

@misc{ptb,
	doi = {10.13026/C28C71},
	url = {},
	author = {Bousseljot,  Ralf-Dieter and Kreiseler,  D and Schnabel,  A},
	title = {The PTB Diagnostic ECG Database},
	publisher = {physionet.org},
	year = {2004}
}
@Online {MutualinformationWikipedia-2021-03-25,
 title = {Mutual information - Wikipedia},
 date = {2021-03-25},
 file = {:./references/wiki-Mutual_information.html:html},
 url = {https://en.wikipedia.org/wiki/Mutual_information},
 urldate = {2021-03-31}
}
@Online {EntropyinformationtheoryWikipedia-2021-03-29,
 title = {Entropy (information theory) - Wikipedia},
 date = {2021-03-29},
 file = {:./references/wiki-Entropy_(information_theory).html:html},
 url = {https://en.wikipedia.org/wiki/Entropy_(information_theory)},
 urldate = {2021-03-31}
}
@Online {metrics,
 title = {Beyond Accuracy: Precision and Recall | by Will Koehrsen | Towards Data Science},
 date = {2021-03-22},
 author = {Will Koehrsen},
 file = {:./references/beyond-accuracy-precision-and-recall-3da06bea9f6c.html:html},
 url = {https://towardsdatascience.com/beyond-accuracy-precision-and-recall-3da06bea9f6c},
 urldate = {2021-03-22}
}

@Online {ImageNet-2021-01-14,
 title = {ImageNet},
 date = {2021-01-14},
 file = {:./references/.html:html},
 url = {http://www.image-net.org/},
 urldate = {2021-01-14}
}

@Online {Georgia12LeadECGChallengeDatabaseKaggle-2021-03-15,
 title = {Georgia 12-Lead ECG Challenge Database | Kaggle},
 date = {2021-03-15},
 file = {:./references/bjoernjostein-georgia-12lead-ecg-challenge-database.html:html},
 url = {https://www.kaggle.com/bjoernjostein/georgia-12lead-ecg-challenge-database},
 urldate = {2021-03-15}
}
@Online {physionetchallenge,
 title = {Classification of 12-lead ECGs: the PhysioNet/Computing in Cardiology Challenge 2020 | PhysioNet/CinC Challenges},
 date = {2021-03-15},
 file = {:./references/2020-.html:html},
 url = {https://physionetchallenges.org/2020/},
 urldate = {2021-03-16}
}

@misc{cpcdataefficient,
	title={Data-Efficient Image Recognition with Contrastive Predictive Coding}, 
	author={Olivier J. H√©naff and Aravind Srinivas and Jeffrey De Fauw and Ali Razavi and Carl Doersch and S. M. Ali Eslami and Aaron van den Oord},
	year={2020},
	eprint={1905.09272},
	archivePrefix={arXiv},
	primaryClass={cs.CV}
}

@Online {SNOMEDCTClasses,
 title = {SNOMED CT - Classes | NCBO BioPortal},
 date = {2021-03-16},
 file = {:./references/ontologies-SNOMEDCT-.html:html},
 url = {https://bioportal.bioontology.org/ontologies/SNOMEDCT/?p=classes&conceptid=root},
 urldate = {2021-03-16}
}

@article{DBLP:journals/corr/abs-1807-03748,
	author    = {A{\"{a}}ron van den Oord and
	Yazhe Li and
	Oriol Vinyals},
	title     = {Representation Learning with Contrastive Predictive Coding},
	journal   = {CoRR},
	volume    = {abs/1807.03748},
	year      = {2018},
	url       = {http://arxiv.org/abs/1807.03748},
	archivePrefix = {arXiv},
	eprint    = {1807.03748},
	timestamp = {Mon, 13 Aug 2018 16:48:25 +0200},
	biburl    = {https://dblp.org/rec/journals/corr/abs-1807-03748.bib},
	bibsource = {dblp computer science bibliography, https://dblp.org}
}

@misc{chorowski2021aligned,
	title={Aligned Contrastive Predictive Coding}, 
	author={Jan Chorowski and Grzegorz Ciesielski and Jaros≈Çaw Dzikowski and Adrian ≈Åa≈Ñcucki and Ricard Marxer and Mateusz Opala and Piotr Pusz and Pawe≈Ç Rychlikowski and Micha≈Ç Stypu≈Çkowski},
	year={2021},
	eprint={2104.11946},
	archivePrefix={arXiv},
	primaryClass={cs.LG}
}

@article{Zheng2020,
	doi = {10.1038/s41597-020-0386-x},
	url = {https://doi.org/10.1038/s41597-020-0386-x},
	year = {2020},
	month = feb,
	publisher = {Springer Science and Business Media {LLC}},
	volume = {7},
	number = {1},
	author = {Jianwei Zheng and Jianming Zhang and Sidy Danioko and Hai Yao and Hangyuan Guo and Cyril Rakovski},
	title = {A 12-lead electrocardiogram database for arrhythmia research covering more than 10, 000 patients},
	journal = {Scientific Data}
}

@misc{ioffe2015batch,
	title={Batch Normalization: Accelerating Deep Network Training by Reducing Internal Covariate Shift}, 
	author={Sergey Ioffe and Christian Szegedy},
	year={2015},
	eprint={1502.03167},
	archivePrefix={arXiv},
	primaryClass={cs.LG}
}

@misc{yu2016multiscale,
	title={Multi-Scale Context Aggregation by Dilated Convolutions}, 
	author={Fisher Yu and Vladlen Koltun},
	year={2016},
	eprint={1511.07122},
	archivePrefix={arXiv},
	primaryClass={cs.CV}
}

@article{physionet,
	doi = {10.1161/01.cir.101.23.e215},
	url = {https://doi.org/10.1161/01.cir.101.23.e215},
	year = {2000},
	month = jun,
	publisher = {Ovid Technologies (Wolters Kluwer Health)},
	volume = {101},
	number = {23},
	author = {Ary L. Goldberger and Luis A. N. Amaral and Leon Glass and Jeffrey M. Hausdorff and Plamen Ch. Ivanov and Roger G. Mark and Joseph E. Mietus and George B. Moody and Chung-Kang Peng and H. Eugene Stanley},
	title = {{PhysioBank},  {PhysioToolkit},  and {PhysioNet}},
	journal = {Circulation}
}

@article{Harmeling_Dornhege_Tax_Meinecke_M√ºller_2006, title={From outliers to prototypes: Ordering data}, volume={69}, url={http://dx.doi.org/10.1016/j.neucom.2005.05.015}, DOI={10.1016/j.neucom.2005.05.015}, number={13‚Äì15}, journal={Neurocomputing}, publisher={Elsevier BV}, author={Harmeling, Stefan and Dornhege, Guido and Tax, David and Meinecke, Frank and M√ºller, Klaus-Robert}, year={2006}, month={Aug}, pages={1608‚Äì1618} }

@Online {stack-imagenet,
	title = {StackOverflow Question},
	date = {2021-01-14},
	url = {https://stackoverflow.com/a/42979315/3620718},
	urldate = {2021-01-14}
}

@article{Wagner2020,
	doi = {10.1038/s41597-020-0495-6},
	url = {https://doi.org/10.1038/s41597-020-0495-6},
	year = {2020},
	month = may,
	publisher = {Springer Science and Business Media {LLC}},
	volume = {7},
	number = {1},
	author = {Patrick Wagner and Nils Strodthoff and Ralf-Dieter Bousseljot and Dieter Kreiseler and Fatima I. Lunze and Wojciech Samek and Tobias Schaeffter},
	title = {{PTB}-{XL},  a large publicly available electrocardiography dataset},
	journal = {Scientific Data}
}

@article{Goldberger2000,
	doi = {10.1161/01.cir.101.23.e215},
	url = {https://doi.org/10.1161/01.cir.101.23.e215},
	year = {2000},
	month = jun,
	publisher = {Ovid Technologies (Wolters Kluwer Health)},
	volume = {101},
	number = {23},
	author = {Ary L. Goldberger and Luis A. N. Amaral and Leon Glass and Jeffrey M. Hausdorff and Plamen Ch. Ivanov and Roger G. Mark and Joseph E. Mietus and George B. Moody and Chung-Kang Peng and H. Eugene Stanley},
	title = {{PhysioBank},  {PhysioToolkit},  and {PhysioNet}},
	journal = {Circulation}
}
@article{Bousseljot2009,
	doi = {10.1515/bmte.1995.40.s1.317},
	url = {https://doi.org/10.1515/bmte.1995.40.s1.317},
	year = {2009},
	month = jul,
	publisher = {Walter de Gruyter {GmbH}},
	pages = {317--318},
	author = {R. Bousseljot and D. Kreiseler and A. Schnabel},
	title = {Nutzung der {EKG}-Signaldatenbank {CARDIODAT} der {PTB} \"{u}ber das Internet},
	journal = {Biomedizinische Technik/Biomedical Engineering}
}

@Online {MITLCPwfdbpythonNativePythonWFDBpackage-2021-01-11,
 title = {MIT-LCP/wfdb-python: Native Python WFDB package},
 date = {2021-01-11},
 file = {:./references/MIT-LCP-wfdb-python.html:html},
 url = {https://github.com/MIT-LCP/wfdb-python},
 urldate = {2021-01-11}
}

@Online {LullatschecgcpcNewRepoforProjektarbeit-2021-06-26,
 title = {Github Masterarbeit},
 date = {2021-06-26},
 file = {:./references/Lullatsch-ecg-cpc.html:html},
 url = {https://github.com/Lullatsch/ecg-cpc},
 urldate = {2021-06-26}
}

@Online {visionalexnetpyatmasterpytorchvision-2021-06-26,
 title = {alexnet.py pytorch},
 date = {2021-06-26},
 file = {:./references/pytorch-vision-blob-master-torchvision-models-alexnet.py.html:html},
 url = {https://github.com/pytorch/vision/blob/master/torchvision/models/alexnet.py},
 urldate = {2021-06-26}
}

@Online {ElectrocardiographyWikipedia-2021-01-14,
 title = {Electrocardiography - Wikipedia},
 date = {2021-01-14},
 file = {:./references/wiki-Electrocardiography.html:html},
 url = {https://en.wikipedia.org/wiki/Electrocardiography},
 urldate = {2021-01-14}
}